@inproceedings{peer,
 author = {Xu, Minghao and Zhang, Zuobai and Lu, Jiarui and Zhu, Zhaocheng and Zhang, Yangtian and Chang, Ma and Liu, Runcheng and Tang, Jian},
 booktitle = {Advances in Neural Information Processing Systems},
 editor = {S. Koyejo and S. Mohamed and A. Agarwal and D. Belgrave and K. Cho and A. Oh},
 pages = {35156--35173},
 publisher = {Curran Associates, Inc.},
 title = {PEER: A Comprehensive and Multi-Task Benchmark for Protein Sequence Understanding},
 url = {https://proceedings.neurips.cc/paper_files/paper/2022/file/e467582d42d9c13fa9603df16f31de6d-Paper-Datasets_and_Benchmarks.pdf},
 volume = {35},
 year = {2022}
}

@inproceedings{tape,
 author = {Rao, Roshan and Bhattacharya, Nicholas and Thomas, Neil and Duan, Yan and Chen, Peter and Canny, John and Abbeel, Pieter and Song, Yun},
 booktitle = {Advances in Neural Information Processing Systems},
 editor = {H. Wallach and H. Larochelle and A. Beygelzimer and F. d\textquotesingle Alch\'{e}-Buc and E. Fox and R. Garnett},
 pages = {},
 publisher = {Curran Associates, Inc.},
 title = {Evaluating Protein Transfer Learning with TAPE},
 url = {https://proceedings.neurips.cc/paper_files/paper/2019/file/37f65c068b7723cd7809ee2d31d7861c-Paper.pdf},
 volume = {32},
 year = {2019}
}

@article{ElGebali2018,
  doi = {10.1093/nar/gky995},
  url = {https://doi.org/10.1093/nar/gky995},
  year = {2018},
  month = oct,
  publisher = {Oxford University Press ({OUP})},
  volume = {47},
  number = {D1},
  pages = {D427--D432},
  author = {Sara El-Gebali and Jaina Mistry and Alex Bateman and Sean R Eddy and Aur{\'{e}}lien Luciani and Simon C Potter and Matloob Qureshi and Lorna J Richardson and Gustavo A Salazar and Alfredo Smart and Erik L~L Sonnhammer and Layla Hirsh and Lisanna Paladin and Damiano Piovesan and Silvio C~E Tosatto and Robert D Finn},
  title = {The Pfam protein families database in 2019},
  journal = {Nucleic Acids Research}
}

@article{AlQuraishi2019,
  doi = {10.1002/jcc.25772},
  url = {https://doi.org/10.1002/jcc.25772},
  year = {2019},
  month = jan,
  publisher = {Wiley},
  volume = {40},
  number = {7},
  pages = {885--892},
  author = {Mohammed AlQuraishi},
  title = {Parallelized Natural Extension Reference Frame: Parallelized Conversion from Internal to Cartesian Coordinates},
  journal = {Journal of Computational Chemistry}
}


@article{Berman2000,
  doi = {10.1093/nar/28.1.235},
  url = {https://doi.org/10.1093/nar/28.1.235},
  year = {2000},
  month = jan,
  publisher = {Oxford University Press ({OUP})},
  volume = {28},
  number = {1},
  pages = {235--242},
  author = {H. M. Berman},
  title = {The Protein Data Bank},
  journal = {Nucleic Acids Research}
}

@article{Bradley2017,
  doi = {10.1371/journal.pcbi.1005575},
  url = {https://doi.org/10.1371/journal.pcbi.1005575},
  year = {2017},
  month = jun,
  publisher = {Public Library of Science ({PLoS})},
  volume = {13},
  number = {6},
  pages = {e1005575},
  author = {Anthony R. Bradley and Alexander S. Rose and Anton{\'{\i}}n Pavelka and Yana Valasatava and Jose M. Duarte and Andreas Prli{\'{c}} and Peter W. Rose},
  editor = {Dina Schneidman},
  title = {{MMTF}{\textemdash}An efficient file format for the transmission,  visualization,  and analysis of macromolecular structures},
  journal = {{PLOS} Computational Biology}
}

@article{BarrioHernandez2023,
  doi = {10.1101/2023.03.09.531927},
  url = {https://doi.org/10.1101/2023.03.09.531927},
  year = {2023},
  month = mar,
  publisher = {Cold Spring Harbor Laboratory},
  author = {Inigo Barrio-Hernandez and Jingi Yeo and J\"{u}rgen J\"{a}nes and Tanita Wein and Mihaly Varadi and Sameer Velankar and Pedro Beltrao and Martin Steinegger},
  title = {Clustering predicted structures at the scale of the known protein universe},
  journal = {Bioinformatics}
}

@article{Varadi2021,
  doi = {10.1093/nar/gkab1061},
  url = {https://doi.org/10.1093/nar/gkab1061},
  year = {2021},
  month = nov,
  publisher = {Oxford University Press ({OUP})},
  volume = {50},
  number = {D1},
  pages = {D439--D444},
  author = {Mihaly Varadi and Stephen Anyango and Mandar Deshpande and Sreenath Nair and Cindy Natassia and Galabina Yordanova and David Yuan and Oana Stroe and Gemma Wood and Agata Laydon and Augustin {\v{Z}}{\'{\i}}dek and Tim Green and Kathryn Tunyasuvunakool and Stig Petersen and John Jumper and Ellen Clancy and Richard Green and Ankur Vora and Mira Lutfi and Michael Figurnov and Andrew Cowie and Nicole Hobbs and Pushmeet Kohli and Gerard Kleywegt and Ewan Birney and Demis Hassabis and Sameer Velankar},
  title = {{AlphaFold} Protein Structure Database: massively expanding the structural coverage of protein-sequence space with high-accuracy models},
  journal = {Nucleic Acids Research}
}

@article{vanKempen2023,
  doi = {10.1038/s41587-023-01773-0},
  url = {https://doi.org/10.1038/s41587-023-01773-0},
  year = {2023},
  month = may,
  publisher = {Springer Science and Business Media {LLC}},
  author = {Michel van Kempen and Stephanie S. Kim and Charlotte Tumescheit and Milot Mirdita and Jeongjae Lee and Cameron L. M. Gilchrist and Johannes S\"{o}ding and Martin Steinegger},
  title = {Fast and accurate protein structure search with Foldseek},
  journal = {Nature Biotechnology}
}

@article{Boyles2019,
  doi = {10.1093/bioinformatics/btz665},
  url = {https://doi.org/10.1093/bioinformatics/btz665},
  year = {2019},
  month = aug,
  publisher = {Oxford University Press ({OUP})},
  volume = {36},
  number = {3},
  pages = {758--764},
  author = {Fergus Boyles and Charlotte M Deane and Garrett M Morris},
  editor = {Arne Elofsson},
  title = {Learning from the ligand: using ligand-based features to improve binding affinity prediction},
  journal = {Bioinformatics}
}

@article{godwin2021simple,
  title   = {Simple GNN Regularisation for 3D Molecular Property Prediction \& Beyond},
  author  = {Jonathan Godwin and Michael Schaarschmidt and Alexander Gaunt and Alvaro Sanchez-Gonzalez and Yulia Rubanova and Petar Veličković and James Kirkpatrick and Peter Battaglia},
  year    = {2021},
  journal = {arXiv preprint arXiv: Arxiv-2106.07971}
}

@article{Gligorijevi2021,
  doi = {10.1038/s41467-021-23303-9},
  url = {https://doi.org/10.1038/s41467-021-23303-9},
  year = {2021},
  month = may,
  publisher = {Springer Science and Business Media {LLC}},
  volume = {12},
  number = {1},
  author = {Vladimir Gligorijevi{\'{c}} and P. Douglas Renfrew and Tomasz Kosciolek and Julia Koehler Leman and Daniel Berenberg and Tommi Vatanen and Chris Chandler and Bryn C. Taylor and Ian M. Fisk and Hera Vlamakis and Ramnik J. Xavier and Rob Knight and Kyunghyun Cho and Richard Bonneau},
  title = {Structure-based protein function prediction using graph convolutional networks},
  journal = {Nature Communications}
}

@inproceedings{
zaidi2023pretraining,
title={Pre-training via Denoising for Molecular Property Prediction},
author={Sheheryar Zaidi and Michael Schaarschmidt and James Martens and Hyunjik Kim and Yee Whye Teh and Alvaro Sanchez-Gonzalez and Peter Battaglia and Razvan Pascanu and Jonathan Godwin},
booktitle={The Eleventh International Conference on Learning Representations },
year={2023},
url={https://openreview.net/forum?id=tYIMtogyee}
}